@article{welling,
author = {M. Welling},
title = {Kernel Ridge Regression},
url = {https://www.ics.uci.edu/~welling/classnotes/papers_class/Kernel-Ridge.pdf},
}

@book{jurka,
    author = {J. Chmel},
    title = {Simulations of Quantum Plasmonic Structures},
    school = {Faculty of Nuclear Sciences and Physical Engineering, Czech Technical University in Prague},
    year = {2019},
}

@book{vapnik95,
    author = {V. N. Vapnik},
    title = {The Nature of Statistical Learning Theory},
    publisher = {New York: Springer-Verlag},
    year = {1995},
    isbn      = {978-1-4757-2440-0}
}

@article{shannon76,
author = {Shannon, R. D.},
title = {Revised effective ionic radii and systematic studies of interatomic distances in halides and chalcogenides},
journal = {Acta Crystallographica Section A},
volume = {32},
number = {5},
pages = {751-767},
doi = {10.1107/S0567739476001551},
url = {https://onlinelibrary.wiley.com/doi/abs/10.1107/S0567739476001551},
year = {1976}
}

@InProceedings{networkx,
  author =       {A. A. Hagberg and D. A. Schult and P. J. Swart},
  title =        {Exploring Network Structure, Dynamics, and Function using NetworkX},
  booktitle =   {Proceedings of the 7th Python in Science Conference},
  pages =     {11 - 15},
  address = {Pasadena, CA USA},
  year =      {2008},
  editor =    {Gael Varoquaux and Travis Vaught and Jarrod Millman},
}

@book{kraus16,
    author = {I. Kraus, J. Fiala},
    title = {Elementární fyzika pevných látek},
    publisher = {České vysoké učení technické v Praze},
    year = {2016},
    numpages = {322},
    isbn      = {978-80-01-05942-5}
}

@misc{NOMAD_repo,
    title={The NOMAD Repository and Archive, nomad\_kaggle\_vegards dataset},
    url = {https://nomad-lab.eu/prod/rae/gui/dataset/id/nn56nNWzSOGmuf0ptRMymg}
}

@misc{github,
    title={Jiri Chmel research-project github repository},
    url = {https://github.com/jirichmel/research-project}
}

@misc{kaggle_web,
    title={How to get atomic coordinates, Nomad2018 Predicting Transparent Conductors Kaggle competition},
    url = {https://www.kaggle.com/tonyyy/how-to-get-atomic-coordinates}
}

@article{moussa12question,
  title = {Comment on "Fast and Accurate Modeling of Molecular Atomization Energies with Machine Learning"},
  author = {J. E. Moussa},
  journal = {Phys. Rev. Lett.},
  volume = {109},
  issue = {5},
  pages = {059801},
  numpages = {2},
  year = {2012},
  month = {Aug},
  publisher = {American Physical Society},
  doi = {10.1103/PhysRevLett.109.059801},
  url = {https://link.aps.org/doi/10.1103/PhysRevLett.109.059801}
}

@article{rup12answer,
  title = {Rupp et al. Reply:},
  author={M. Rupp and A. Tkatchenko and K.-S. Muller and O. A. von Lilienfeld},
  journal = {Phys. Rev. Lett.},
  volume = {109},
  issue = {5},
  pages = {059802},
  numpages = {2},
  year = {2012},
  month = {Aug},
  publisher = {American Physical Society},
  doi = {10.1103/PhysRevLett.109.059802},
  url = {https://link.aps.org/doi/10.1103/PhysRevLett.109.059802}
}

@misc{RS_ZB_WZ,
    title = {Structures of RS, WZ and ZB},
    url = {http://www.aflowlib.org/prototype-encyclopedia/}
}

@misc{jmol,
    title={Jmol: an open-source Java viewer for chemical structures in 3D.},
    url = {http://www.jmol.org/}
}

@misc{angelov19,
    title={Towards Explainable Deep Neural Networks (xDNN)},
    author={Plamen Angelov and Eduardo Soares},
    year={2019},
    eprint={1912.02523},
    archivePrefix={arXiv},
    primaryClass={cs.LG}
}

@InProceedings{hagberg08,
  author =       {A. A. Hagberg and D. A. Schult and P. J. Swart},
  title =        {Exploring Network Structure, Dynamics, and Function using NetworkX},
  booktitle =   {Proceedings of the 7th Python in Science Conference},
  pages =     {11 - 15},
  address = {Pasadena, CA USA},
  year =      {2008},
  editor =    {Gael Varoquaux and Travis Vaught and Jarrod Millman},
}

@article{seko17,
  title = {Representation of compounds for machine-learning prediction of physical properties},
  author = {A. Seko and H. Hayashi and K. Nakayama and A. Takahashi and I. Tanaka},
  journal = {Phys. Rev. B},
  volume = {95},
  issue = {14},
  pages = {144110},
  numpages = {11},
  year = {2017},
  month = {Apr},
  publisher = {American Physical Society},
  doi = {10.1103/PhysRevB.95.144110},
  url = {https://link.aps.org/doi/10.1103/PhysRevB.95.144110}
}

@article{schutt14,
  title = {How to represent crystal structures for machine learning: Towards fast prediction of electronic properties},
  author = {K. T. Schutt and H. Glawe and F. Brockherde and A. Sanna and K. R. Muller and E. K. U. Gross},
  journal = {Phys. Rev. B},
  volume = {89},
  issue = {20},
  pages = {205118},
  numpages = {5},
  year = {2014},
  month = {May},
  publisher = {American Physical Society},
  doi = {10.1103/PhysRevB.89.205118},
  url = {https://link.aps.org/doi/10.1103/PhysRevB.89.205118}
}

@article{schmidt17,
author={J. Schmidt and J. Shi and P. Borlido and L. Chen and S. Botti and M. A. L. Marques},
title={Predicting the Thermodynamic Stability of Solids Combining Density Functional Theory and Machine Learning},
journal={Chemistry of Materials},
year={2017},
month={Jun},
day={27},
publisher={American Chemical Society},
volume={29},
number={12},
pages={5090-5103},
issn={0897-4756},
doi={10.1021/acs.chemmater.7b00156},
url={https://doi.org/10.1021/acs.chemmater.7b00156}
}

@article{pilania16,
author={G. Pilania and A. Mannodi-Kanakkithodi and B. P. Uberuaga and R. Ramprasad and J. E. Gubernatis and T. Lookman},
title={Machine learning bandgaps of double perovskites},
journal={Scientific Reports},
year={2016},
month={Jan},
day={19},
volume={6},
number={1},
pages={19375},
issn={2045-2322},
doi={10.1038/srep19375},
url={https://doi.org/10.1038/srep19375}
}

@article{ouyang18,
  title = {SISSO: A compressed-sensing method for identifying the best low-dimensional descriptor in an immensity of offered candidates},
  author = {R. Ouyang and S. Curtarolo and E. Ahmetcik and M. Scheffler and L. M. Ghiringhelli},
  journal = {Phys. Rev. Materials},
  volume = {2},
  issue = {8},
  pages = {083802},
  numpages = {11},
  year = {2018},
  month = {Aug},
  publisher = {American Physical Society},
  doi = {10.1103/PhysRevMaterials.2.083802},
  url = {https://link.aps.org/doi/10.1103/PhysRevMaterials.2.083802}
}

@article{oliynyk16,
author={A. O. Oliynyk and E. Antono and T. D. Sparks and L. Ghadbeigi and M. W. Gaultois and B. Meredig and A. Mar},
title={High-Throughput Machine-Learning-Driven Synthesis of Full-Heusler Compounds},
journal={Chemistry of Materials},
year={2016},
month={Oct},
day={25},
publisher={American Chemical Society},
volume={28},
number={20},
pages={7324-7331},
issn={0897-4756},
doi={10.1021/acs.chemmater.6b02724},
url={https://doi.org/10.1021/acs.chemmater.6b02724}
}

 @article{lee16,
  title = {Prediction model of band gap for inorganic compounds by combination of density functional theory calculations and machine learning techniques},
  author = {J. Lee and A. Seko and K. Shitara and K. Nakayama and I. Tanaka},
  journal = {Phys. Rev. B},
  volume = {93},
  issue = {11},
  pages = {115104},
  numpages = {12},
  year = {2016},
  month = {Mar},
  publisher = {American Physical Society},
  doi = {10.1103/PhysRevB.93.115104},
  url = {https://link.aps.org/doi/10.1103/PhysRevB.93.115104}
}
 
 @misc{huo17,
    title={Unified Representation of Molecules and Crystals for Machine Learning},
    author={Haoyan Huo and Matthias Rupp},
    year={2017},
    eprint={1704.06439},
    archivePrefix={arXiv},
    primaryClass={physics.chem-ph}
} 
 
 @misc{hirn15,
    title={Quantum Energy Regression using Scattering Transforms},
    author={Matthew Hirn and Nicolas Poilvert and Stéphane Mallat},
    year={2015},
    eprint={1502.02077},
    archivePrefix={arXiv},
    primaryClass={cs.LG}
}

@article{hansen15,
author={K. Hansen and F. Biegler and R. Ramakrishnan and W. Pronobis and O. A. von Lilienfeld and K.-R. Muller and A. Tkatchenko},
title={Machine Learning Predictions of Molecular Properties: Accurate Many-Body Potentials and Nonlocality in Chemical Space},
journal={The Journal of Physical Chemistry Letters},
year={2015},
month={Jun},
day={18},
publisher={American Chemical Society},
volume={6},
number={12},
pages={2326-2331},
doi={10.1021/acs.jpclett.5b00831},
url={https://doi.org/10.1021/acs.jpclett.5b00831}
}

@article{hansen13,
author={K. Hansen and G. Montavon and F. Biegler and S. Fazli and M. Rupp and M. Scheffler and O. A. von Lilienfeld and A. Tkatchenko and K.-R. Muller},
title={Assessment and Validation of Machine Learning Methods for Predicting Molecular Atomization Energies},
journal={Journal of Chemical Theory and Computation},
year={2013},
month={Aug},
day={13},
publisher={American Chemical Society},
volume={9},
number={8},
pages={3404-3419},
issn={1549-9618},
doi={10.1021/ct400195d},
url={https://doi.org/10.1021/ct400195d}
}

@article{faber15,
author={F. Faber and A. Lindmaa and O. A. von Lilienfeld and R. Armiento},
title={Crystal structure representations for machine learning models of formation energies},
journal={International Journal of Quantum Chemistry},
year={2015},
month={Aug},
day={15},
publisher={John Wiley {\&} Sons, Ltd},
volume={115},
number={16},
pages={1094-1101},
issn={0020-7608},
doi={10.1002/qua.24917},
url={https://doi.org/10.1002/qua.24917}
}

@article{pymatgen,
author={S. P. Ong and W. D. Richards and A. Jain and G. Hautier and M. Kocher and S. Cholia and D. Gunter and V. L. Chevrier and K. A. Persson and G. Ceder},
title={Python Materials Genomics (pymatgen): A robust, open-source python library for materials analysis},
journal={Computational Materials Science},
year={2013},
month={Feb},
day={01},
volume={68},
pages={314-319},
issn={0927-0256},
url={http://www.sciencedirect.com/science/article/pii/S0927025612006295}
}

@article{blum09,
author={V. Blum and R. Gehrke and F. Hanke and P. Havu and V. Havu and X. Ren and K. Reuter and M. Scheffler},
title={Ab initio molecular simulations with numeric atom-centered orbitals},
journal={Computer Physics Communications ER },
year={2009},
month={Nov},
day={01},
volume={180},
pages={2175-2196},
doi={10.1016/j.cpc.2009.06.022},
url={https://doi.org/10.1016/j.cpc.2009.06.022}
}

@article{yamamoto19,
author = {T. Yamamoto},
year = {2019},
month = {05},
pages = {},
title = {Crystal Graph Neural Networks for Data Mining in Materials Science}
}

@article{xie18,
   title={Crystal Graph Convolutional Neural Networks for an Accurate and Interpretable Prediction of Material Properties},
   volume={120},
   ISSN={1079-7114},
   url={http://dx.doi.org/10.1103/PhysRevLett.120.145301},
   DOI={10.1103/physrevlett.120.145301},
   number={14},
   journal={Physical Review Letters},
   publisher={American Physical Society (APS)},
   author={T. Xie and J. C. Grossman},
   year={2018},
   month={Apr}
}

@article{szlachta14,
author={W. J. Szlachta and A. P. Bartok and G. Csanyi},
title={Accuracy and transferability of Gaussian approximation potential models for tungsten},
journal={Physical Review B},
year={2014},
month={Sep},
day={24},
publisher={American Physical Society},
volume={90},
number={10},
pages={104108},
doi={10.1103/PhysRevB.90.104108},
url={https://link.aps.org/doi/10.1103/PhysRevB.90.104108},
url={https://doi.org/10.1103/PhysRevB.90.104108}
}

@article{sutton19,
author={C. Sutton and L. M. Ghiringhelli and T. Yamamoto and Y. Lysogorskiy and L. Blumenthal and T. Hammerschmidt and J. R. Golebiowski and X. Liu and A. Ziletti and M. Scheffler},
title={Crowd-sourcing materials-science challenges with the NOMAD 2018 Kaggle competition},
journal={npj Computational Materials},
year={2019},
month={Nov},
day={18},
volume={5},
number={1},
pages={111},
issn={2057-3960},
doi={10.1038/s41524-019-0239-3},
url={https://doi.org/10.1038/s41524-019-0239-3}
}

@misc{sutton18,
    title={NOMAD 2018 Kaggle Competition: Solving Materials Science Challenges Through Crowd Sourcing},
    author={C. Sutton and L. M. Ghiringhelli and T. Yamamoto and Y. Lysogorskiy and L. Blumenthal and T. Hammerschmidt and J. Golebiowski and X. Liu and A. Ziletti and M. Scheffler},
    year={2018},
    eprint={1812.00085},
    archivePrefix={arXiv},
    primaryClass={cond-mat.mtrl-sci}
} 

@article{segall12,
author={M. Segall},
title={Can we really do computer-aided drug design?},
journal={Journal of Computer-Aided Molecular Design},
year={2012},
month={Jan},
day={01},
volume={26},
number={1},
pages={121-124},
issn={1573-4951},
doi={10.1007/s10822-011-9512-3},
url={https://doi.org/10.1007/s10822-011-9512-3}
}

@article{rupp12,
author={M. Rupp and A. Tkatchenko and K.-S. Muller and O. A. von Lilienfeld},
title={Fast and Accurate Modeling of Molecular Atomization Energies with Machine Learning},
journal={Physical Review Letters},
year={2012},
month={Jan},
day={31},
publisher={American Physical Society},
volume={108},
number={5},
pages={058301},
doi={10.1103/PhysRevLett.108.058301},
url={https://link.aps.org/doi/10.1103/PhysRevLett.108.058301},
url={https://doi.org/10.1103/PhysRevLett.108.058301}
}

@article{obrezanova07,
author={O. Obrezanova and G. Csanyi and J. M. R. Gola and M. D. Segall},
title={Gaussian Processes:{\thinspace} A Method for Automatic QSAR Modeling of ADME Properties},
journal={Journal of Chemical Information and Modeling},
year={2007},
month={Sep},
day={24},
publisher={American Chemical Society},
volume={47},
number={5},
pages={1847-1857},
issn={1549-9596},
doi={10.1021/ci7000633},
url={https://doi.org/10.1021/ci7000633}
}

@article{muller01,
author = {K.-R. Müller and S. Mika and G. Rätsch and K. Tsuda and B. Schölkopf},
year = {2001},
month = {02},
pages = {181-201},
title = {An Introduction to Kernel-Based Learning Algorithms},
volume = {12},
journal = {IEEE transactions on neural networks / a publication of the IEEE Neural Networks Council},
doi = {10.1109/72.914517}
}

@article{lu20,
author={S. Lu and Q. Zhou and Y. Guo and Y. Zhang and Y. Wu and J. Wang},
title={Coupling a Crystal Graph Multilayer Descriptor to Active Learning for Rapid Discovery of 2D Ferromagnetic Semiconductors/Half-Metals/Metals},
journal={Advanced Materials},
volume={n/a},
number={n/a},
pages={2002658},
note={2002658},
issn={0935-9648},
doi={10.1002/adma.202002658},
url={https://doi.org/10.1002/adma.202002658}
}

@article{li19,
author={Z. Li and Q. Xu and Q. Sun and Z. Hou and W.-J. Yin},
title={Thermodynamic Stability Landscape of Halide Double Perovskites via High-Throughput Computing and Machine Learning},
journal={Advanced Functional Materials},
year={2019},
month={Feb},
day={01},
publisher={John Wiley {\&} Sons, Ltd},
volume={29},
number={9},
pages={1807280},
issn={1616-301X},
doi={10.1002/adfm.201807280},
url={https://doi.org/10.1002/adfm.201807280}
}

@article{lang10,
author={P. F. Lang and B. C. Smith},
title={Ionic radii for Group 1 and Group 2 halide, hydride, fluoride, oxide, sulfide, selenide and telluride crystals},
journal={Dalton Transactions},
year={2010},
publisher={The Royal Society of Chemistry},
volume={39},
number={33},
pages={7786-7791},
issn={1477-9226},
doi={10.1039/C0DT00401D},
url={https://doi.org/10.1039/C0DT00401D}
}

@article{im19,
author={J. Im and S. Lee and T. Ko and H. W. Kim and Y. Hyon and H. Chang},
title={Identifying Pb-free perovskites for solar cells by machine learning},
journal={npj Computational Materials},
year={2019},
month={Mar},
day={26},
volume={5},
number={1},
pages={37},
issn={2057-3960},
doi={10.1038/s41524-019-0177-0},
url={https://doi.org/10.1038/s41524-019-0177-0}
}

@article{han16,
author={S. Han and S. Hwang and S. Lee},
title={Ensemble approach for improving prediction in kernel regression and classification},
journal={Communications for Statistical Applications and Methods},
year={2016},
month={Jul},
edition={2016/07/31},
publisher={The Korean Statistical Society, and Korean International Statistical Society},
volume={23},
number={4},
pages={355-362},
keywords={bagging; bootstrap; ensemble method; kernel trick; logistic regression; random forest; regression},
issn={2287-7843},
doi={10.5351/CSAM.2016.23.4.355},
url={http://http://www.csam.or.kr/journal/view.html?doi=10.5351/CSAM.2016.23.4.355},
url={https://doi.org/10.5351/CSAM.2016.23.4.355},
}

@article{ghiringhelli15,
  title = {Big Data of Materials Science: Critical Role of the Descriptor},
  author = {L. M. Ghiringhelli and J. Vybiral and S. V. Levchenko and C. Draxl and M. Scheffler},
  journal = {Phys. Rev. Lett.},
  volume = {114},
  issue = {10},
  pages = {105503},
  numpages = {5},
  year = {2015},
  month = {03},
  publisher = {American Physical Society},
  doi = {10.1103/PhysRevLett.114.105503},
  url = {https://link.aps.org/doi/10.1103/PhysRevLett.114.105503}
}

@article{ghiringhelli15_supplementary,
  title = {Big Data of Materials Science: Critical Role of the Descriptor (Supplemental Material)},
  author = {L. M. Ghiringhelli and J. Vybiral and S. V. Levchenko and C. Draxl and M. Scheffler},
  journal = {Phys. Rev. Lett.},
  volume = {114},
  issue = {10},
  pages = {105503},
  numpages = {5},
  year = {2015},
  month = {03},
  publisher = {American Physical Society},
  doi = {10.1103/PhysRevLett.114.105503},
  url = {http://link.aps.org/supplemental/10.1103/PhysRevLett.114.105503},
}



@article{behler11,
author = {J. Behler},
title = {Atom-centered symmetry functions for constructing high-dimensional neural network potentials},
journal = {The Journal of Chemical Physics},
volume = {134},
number = {7},
pages = {074106},
year = {2011},
doi = {10.1063/1.3553717},

URL = { 
        https://doi.org/10.1063/1.3553717
    
},
eprint = { 
        https://doi.org/10.1063/1.3553717
    
}

}

@article{bartok15,
author = {A. P. Bartok and G. Csanyi},
title = {Gaussian approximation potentials: A brief tutorial introduction},
journal = {International Journal of Quantum Chemistry},
volume = {115},
number = {16},
pages = {1051-1057},
keywords = {interatomic potentials, machine learning, Gaussian process, ab initio, atomic environments},
doi = {10.1002/qua.24927},
url = {https://onlinelibrary.wiley.com/doi/abs/10.1002/qua.24927},
eprint = {https://onlinelibrary.wiley.com/doi/pdf/10.1002/qua.24927},
year = {2015}
}

@article{bartok13,
  title = {On representing chemical environments},
  author = {A. P. Bartok and R. Kondor and G. Csanyi},
  journal = {Phys. Rev. B},
  volume = {87},
  issue = {18},
  pages = {184115},
  numpages = {16},
  year = {2013},
  month = {May},
  publisher = {American Physical Society},
  doi = {10.1103/PhysRevB.87.184115},
  url = {https://link.aps.org/doi/10.1103/PhysRevB.87.184115}
}

@article{bartok10,
   title={Gaussian Approximation Potentials: The Accuracy of Quantum Mechanics, without the Electrons},
   volume={104},
   ISSN={1079-7114},
   url={http://dx.doi.org/10.1103/PhysRevLett.104.136403},
   DOI={10.1103/physrevlett.104.136403},
   number={13},
   journal={Physical Review Letters},
   publisher={American Physical Society (APS)},
   author={A. P. Bartók and M. C. Payne and R. Kondor and G. Csányi},
   year={2010},
   month={Apr}
} 

@book{bishop06,
	title = {Pattern Recognition and Machine Learning},
	author = {C. Bishop},
	publisher = {Springer, New York, NY},
	year = {2006},
	isbn = {978-0387-31073-2}
}

@book{james13,
	title = {An Introduction to Statistical Learning with Applications in R},
	author = {G. James and D. Witten and T. Hastie and R. Tibshirani},
	publisher = {Springer, New York, NY},
	year = {2013},
	isbn = {978-1-4614-7138-7},
	doi = {https://doi.org/10.1007/978-1-4614-7138-7}
}

@book{Eldar12,
author = {Y. Eldar and G. Kutyniok},
year = {2012},
month = {01},
pages = {},
title = {Compressed Sensing: Theory and Applications},
isbn = {978-1107005587},
doi = {10.1017/CBO9780511794308}
}

@inproceedings{sklearn_api,
  author    = {L. Buitinck and G. Louppe and M. Blondel and
               F. Pedregosa and A. Mueller and O. Grisel and
               V. Niculae and P. Prettenhofer and A. Gramfort
               and J. Grobler and R. Layton and J. VanderPlas and
               A. Joly and B. Holt and G. Varoquaux},
  title     = {{API} design for machine learning software: experiences from the scikit-learn
               project},
  booktitle = {ECML PKDD Workshop: Languages for Data Mining and Machine Learning},
  year      = {2013},
  pages = {108--122},
}

@article{scikit-learn,
 title={Scikit-learn: Machine Learning in {P}ython},
 author={F. Pedregosa and G. Varoquaux and A. Gramfort and V. Michel
         and B. Thirion and O. Grisel and M. Blondel and P. Prettenhofer
         and R. Weiss and V. Dubourg and J. Vanderplas and A. Passos and
         D. Cournapeau and M. Brucher and M. Perrot and E. Duchesnay},
 journal={Journal of Machine Learning Research},
 volume={12},
 pages={2825--2830},
 year={2011}
}

@book{boche15,
	title = {Compressed Sensing and its Applications},
	author = {H. Boche and R. Calderbank and G. Kutyniok and J. Vybiral},
	publisher =  {Birkhäuser Basel},
	year = {2015},
	isbn = {978-3-319-16042-9},
	doi = {10.1007/978-3-319-16042-9},
}

@article{ghiringhelli17,
	doi = {10.1088/1367-2630/aa57bf},
	url = {https://doi.org/10.1088/2F1367-2630/2Faa57bf},
	year = 2017,
	month = {02},
	publisher = {{IOP} Publishing},
	volume = {19},
	number = {2},
	pages = {023017},
    author = {L. M. Ghiringhelli and J. Vybiral and E. Ahmetcik and R. Ouyang and S. V. Levchenko and C. Draxl and M. Scheffler},
	title = {Learning physical descriptors for materials science by compressed sensing},
	journal = {New Journal of Physics}

}

@book{hastie09,
	title = {The elements of statistical learning: Data mining, inference, and prediction.},
	author = {T. Hastie and R. Tibshirani and J. Friedman},
	publisher = {Springer, New York, NY},
	year = {2009},
	isbn = {978-0-387-84858-7},
	doi = {https://doi.org/10.1007/978-0-387-84858-7}
}






















@article{varas16,
author = {Varas, Alejandro and García-González, Pablo and Feist, Johannes and Garcia-Vidal, F and Rubio, Angel.},
year = {2016},
month = {01},
pages = {},
title = {Quantum plasmonics: from jellium models to ab initio calculations},
volume = {5},
journal = {Nanophotonics},
doi = {10.1515/nanoph-2015-0141}
}

@article{ noya07,
	author = {E. G. Noya, and J. P.K. Doye, and D. J. Wales, and A. Aguado.},
	title = {Geometric magic numbers of sodium clusters:  
Interpretation of the melting behaviour},
	DOI= "10.1140/epjd/e2007-00092-x",
	journal = {Eur. Phys. J. D},
	year = 2007,
	volume = 43,
	number = {1-3},
	pages = "57-60",
	month = "",
}

@book{martin04,
	author = {R. M. Martin.},
	title = {Electronic Structure: basic theory and practical methods.},
	year = {2004},
	publisher = {Cambridge University Press}
}
 

@book{kraus93,
	author = {I. Kraus.},
	title = {Struktura a vlastnosti krystalů.},
	publisher = {Vyd. 1. Praha: Academia},
	year = {1993},
	numpages = {275},
 	 isbn      = {80-200-0372-X}
}
	
@book{kittel85,
  author    = {Ch. Kittel.}, 
  title     = {Úvod do fyziky pevných látek.},
  publisher = {1. vyd. Praha: Academia},
  year      = {1985},
  numpages = {598}
}

@online{CCDsite,
    author    = {D. J. Wales, and J. P. K. Doye, and A. Dullweber, and M.
P. Hodges, and F. Y. Naumkin, and F. Calvo, and J. Hernández-Rojas, and T. F. Middleton.},
    title     = {The Cambridge Cluster Database},
    url       = {http://www-wales.ch.cam.ac.uk/CCD.html}
}

@book{patterson18,
  author    = {J. D. Patterson, and B. C. Bailey.}, 
  title     = {Solid-State Physics: Introduction
to the Theory [online].},
  publisher = {Cham: Springer International Publishing},
  year      = 2018,
  edition   = 3,
  note      = {[cit. 2019-03-19]},
}

@online{octopussite,
title = {Octopus TDDFT open source code},
url = {https://octopus-code.org/wiki/Main_Page}
}

@book{fiolhais03,
author = {C. Fiolhais, and F. Nogueira, and M. Marques.},
title = {A Primer in Density Functional Theory},
 publisher = {Springer},
year = {2003},
isbn = {978-3-540-37072-7},
doi = {10.1007/3-540-37072-2}
}

@online{gnumanualsite,
  author = {M. Galassi, et al.},
  title = {GNU Scientific Library Reference Manual (3rd Ed.)},
  url = {https://www.gnu.org/software/gsl/},
  year = {2018},
 isbn = {0954612078}
}


@article{hohenberg64,
  title = {Inhomogeneous Electron Gas},
  author = {P. Hohenberg, and W. Kohn.},
  journal = {Phys. Rev.},
  volume = {136},
  issue = {3B},
  pages = {B864--B871},
  numpages = {0},
  year = {1964},
  month = {11},
  publisher = {American Physical Society},
  doi = {10.1103/PhysRev.136.B864},
}

@article{kohn65,
  title = {Self-Consistent Equations Including Exchange and Correlation Effects},
  author = {W. Kohn, and L. J. Sham.},
  journal = {Phys. Rev.},
  volume = {140},
  issue = {4A},
  pages = {A1133--A1138},
  numpages = {0},
  year = {1965},
  month = {11},
  publisher = {American Physical Society},
  doi = {10.1103/PhysRev.140.A1133},
}


@article{bitzek06,
author = {E. Bitzek, and P. Koskinen, and F. Gähler, and M. Moseler, and P. Gumbsch.},
year = {2006},
month = {11},
pages = {170201},
title = {Structural Relaxation Made Simple},
volume = {97},
journal = {Physical review letters},
doi = {10.1103/PhysRevLett.97.170201}
}

@article{perdew01,
author = {J. P. Perdew, and K. Schmidt.},
title = {Jacob’s ladder of density functional approximations for the exchange-correlation energy},
journal = {AIP Conference Proceedings},
volume = {577},
number = {1},
pages = {1-20},
year = {2001},
doi = {10.1063/1.1390175},
}

@article{wang12,
author = {B. Wang, and Y. Xu, and S. Ke.},
title = {Plasmon excitations in sodium atomic planes: A time-dependent density functional theory study},
journal = {The Journal of Chemical Physics},
volume = {137},
number = {5},
pages = {054101},
year = {2012},
doi = {10.1063/1.4739952},
}

@article{joswig08,
author = {J. Joswig, and L. O. Tunturivuori, and R. M. Nieminen.},
title = {Photoabsorption in sodium clusters on the basis of time-dependent density-functional theory},
journal = {The Journal of Chemical Physics},
volume = {128},
number = {1},
pages = {014707},
year = {2008},
doi = {10.1063/1.2814161},
}

@article{li13,
  title = {Plasmonic excitations in quantum-sized sodium nanoparticles studied by time-dependent density functional calculations},
  author = {J. Li, and M. Hayashi, and G. Guo.},
  journal = {Phys. Rev. B},
  volume = {88},
  issue = {15},
  pages = {155437},
  numpages = {12},
  year = {2013},
  month = {10},
  publisher = {American Physical Society},
  doi = {10.1103/PhysRevB.88.155437},
}

@article{knight84,
  title = {Electronic Shell Structure and Abundances of Sodium Clusters},
  author = {W. D. Knight, and K. Clemenger, and W. A. de Heer, and W. A. Saunders, and M. Y. Chou, and M. L. Cohen.},
  journal = {Phys. Rev. Lett.},
  volume = {52},
  issue = {24},
  pages = {2141--2143},
  numpages = {0},
  year = {1984},
  month = {6},
  publisher = {American Physical Society},
  doi = {10.1103/PhysRevLett.52.2141},
}

@book{hinchliffe06,
editor ="A. Hinchliffe.",
author ="T. E. Simos, and S. Wilson, and M. Springborg, and D. Pugh, and R. A. Lewis, and N. Trinajstic, and K. Travis, and B. T. Sutcliffe, and A. Mulholland, and P. T. Karadakov, and D. J. Bernhardt, and D. Sholl, and B. D. Todd.",
title  ="Chemical Modelling",
subtitle  ="Applications and Theory Volume 4",
publisher  ="The Royal Society of Chemistry",
year  ="2006",
volume  ="4",
series  ="SPR - Chemical Modelling",
edition  ="",
isbn  ="978-0-85404-243-2",
doi  ="10.1039/9781847555267",
pages  ="i-528"
}

@article{kronik01,
author = {L. Kronik, and I. Vasiliev, and M. Jain, and J. R. Chelikowsky.},
title = {Ab initio structures and polarizabilities of sodium clusters},
journal = {The Journal of Chemical Physics},
volume = {115},
number = {9},
pages = {4322-4332},
year = {2001},
doi = {10.1063/1.1390524},
}


@article{calaminici99,
author = {P. Calaminici, and K. Jug, and A. M. Köster.},
title = {Static polarizabilities of Na n (n<=9) clusters: An all-electron density functional study},
journal = {The Journal of Chemical Physics},
volume = {111},
number = {10},
pages = {4613-4620},
year = {1999},
doi = {10.1063/1.479222},
}

@article{guan95,
  title = {All-electron local and gradient-corrected density-functional calculations of Na n dipole polarizabilities for n=1--6},
  author = {J. Guan, and M. E. Casida, and A. M. K\"oster, and D. R. Salahub.},
  journal = {Phys. Rev. B},
  volume = {52},
  issue = {3},
  pages = {2184--2200},
  numpages = {0},
  year = {1995},
  month = {7},
  publisher = {American Physical Society},
  doi = {10.1103/PhysRevB.52.2184},
}



@article{moullet90,
  title = {Static electric polarizabilities as evidence for cluster geometries},
  author = {I. Moullet, and J. L. Martins, and F. Reuse, and J. Buttet.},
  journal = {Phys. Rev. Lett.},
  volume = {65},
  issue = {4},
  pages = {476--479},
  numpages = {0},
  year = {1990},
  month = {7},
  publisher = {American Physical Society},
  doi = {10.1103/PhysRevLett.65.476},
}







@article{stephens94,
author = {P. J. Stephens, and F. J. Devlin, and C. F. Chabalowski, and M. J. Frisch.},
title = {Ab Initio Calculation of Vibrational Absorption and Circular Dichroism Spectra Using Density Functional Force Fields},
journal = {The Journal of Physical Chemistry},
volume = {98},
number = {45},
pages = {11623-11627},
year = {1994},
doi = {10.1021/j100096a001},
}
 



@book{marques12,
  title={Fundamentals of Time-Dependent Density Functional Theory},
  author={M. A. L. Marques, and N. T. Maitra, and F. M. S. Nogueira, and E. K. U. Gross, and A. Rubio.},
  isbn={978-3-642-23518-4},
  series={Lecture Notes in Physics},
  doi= {10.1007/978-3-642-23518-4},
  year={2012},
  publisher={Springer Berlin Heidelberg}
}




@article{castro04,
author = {A. Castro, and M. A. L. Marques, and A. Rubio.},
title = {Propagators for the time-dependent Kohn–Sham equations},
journal = {The Journal of Chemical Physics},
volume = {121},
number = {8},
pages = {3425-3433},
year = {2004},
doi = {10.1063/1.1774980},
}


@article{wang90,
author = {Ch. C. R. Wang, and S. Pollack, and D. Cameron, and M. M. Kappes},
title = {Optical absorption spectroscopy of sodium clusters as measured by collinear molecular beam photodepletion},
journal = {The Journal of Chemical Physics},
volume = {93},
number = {6},
pages = {3787-3801},
year = {1990},
doi = {10.1063/1.458765},
}

@book{goodfellow16,
    title={Deep Learning},
    author={Ian Goodfellow and Yoshua Bengio and Aaron Courville},
    publisher={MIT Press},
    note={\url{http://www.deeplearningbook.org}},
    year={2016}
}

@article{wang20,
author ="X. Wang, and S. Ramírez-Hinestrosa, and J. Dobnikar and D. Frenkel",
title  ="The Lennard-Jones potential: when (not) to use it",
journal  ="Phys. Chem. Chem. Phys.",
year  ="2020",
volume  ="22",
issue  ="19",
pages  ="10624-10633",
publisher  ="The Royal Society of Chemistry",
doi  ="10.1039/C9CP05445F",
url  ="http://dx.doi.org/10.1039/C9CP05445F",
}
