@misc{hoffmann2019datadriven,
      title={Data-Driven Approach to Encoding and Decoding 3-D Crystal Structures}, 
      author={Jordan Hoffmann and Louis Maestrati and Yoshihide Sawada and Jian Tang and Jean Michel Sellier and Yoshua Bengio},
      year={2019},
      eprint={1909.00949},
      archivePrefix={arXiv},
      primaryClass={cs.LG}
} 
