@article{Karamad_2020,
   title={Orbital graph convolutional neural network for material property prediction},
   volume={4},
   ISSN={2475-9953},
   url={http://dx.doi.org/10.1103/PhysRevMaterials.4.093801},
   DOI={10.1103/physrevmaterials.4.093801},
   number={9},
   journal={Physical Review Materials},
   publisher={American Physical Society (APS)},
   author={Karamad, Mohammadreza and Magar, Rishikesh and Shi, Yuting and Siahrostami, Samira and Gates, Ian D. and Barati Farimani, Amir},
   year={2020},
   month={Sep}
}
 
