@misc{ren2020inverse,
      title={Inverse design of crystals using generalized invertible crystallographic representation}, 
      author={Zekun Ren and Juhwan Noh and Siyu Tian and Felipe Oviedo and Guangzong Xing and Qiaohao Liang and Armin Aberle and Yi Liu and Qianxiao Li and Senthilnath Jayavelu and Kedar Hippalgaonkar and Yousung Jung and Tonio Buonassisi},
      year={2020},
      eprint={2005.07609},
      archivePrefix={arXiv},
      primaryClass={physics.comp-ph}
} 
