@article{Steck_2019,
   title={Embarrassingly Shallow Autoencoders for Sparse Data},
   ISBN={9781450366748},
   url={http://dx.doi.org/10.1145/3308558.3313710},
   DOI={10.1145/3308558.3313710},
   journal={The World Wide Web Conference on   - WWW  â€™19},
   publisher={ACM Press},
   author={Steck, Harald},
   year={2019}
} 
