@inproceedings{
Chen2020Symplectic,
title={Symplectic Recurrent Neural Networks},
author={Zhengdao Chen and Jianyu Zhang and Martin Arjovsky and LÃ©on Bottou},
booktitle={International Conference on Learning Representations},
year={2020},
url={https://openreview.net/forum?id=BkgYPREtPr}
} 
