@article{Xie_2018,
   title={Crystal Graph Convolutional Neural Networks for an Accurate and Interpretable Prediction of Material Properties},
   volume={120},
   ISSN={1079-7114},
   url={http://dx.doi.org/10.1103/PhysRevLett.120.145301},
   DOI={10.1103/physrevlett.120.145301},
   number={14},
   journal={Physical Review Letters},
   publisher={American Physical Society (APS)},
   author={Xie, Tian and Grossman, Jeffrey C.},
   year={2018},
   month={Apr}
}
