@misc{jin2019junction,
      title={Junction Tree Variational Autoencoder for Molecular Graph Generation}, 
      author={Wengong Jin and Regina Barzilay and Tommi Jaakkola},
      year={2019},
      eprint={1802.04364},
      archivePrefix={arXiv},
      primaryClass={cs.LG}
} 
