






@article{doi:10.1080/14686996.2017.1378060,
author = {Tien Lam Pham and Hiori Kino and Kiyoyuki Terakura and Takashi Miyake and Koji Tsuda and Ichigaku Takigawa and Hieu Chi Dam},
title = {Machine learning reveals orbital interaction in materials},
journal = {Science and Technology of Advanced Materials},
volume = {18},
number = {1},
pages = {756-765},
year  = {2017},
publisher = {Taylor & Francis},
doi = {10.1080/14686996.2017.1378060},
    note ={PMID: 29152012},

URL = { 
        https://doi.org/10.1080/14686996.2017.1378060
    
},
eprint = { 
        https://doi.org/10.1080/14686996.2017.1378060
    
}

}


